@book{devOpsHandbook3W,
    author = {Kim, Gene and Debois, Patrick and Willis, John and Humble, Jez},
    title = {The DevOps Handbook: How to Create World-Class Agility, Reliability, and Security in Technology Organizations},
    year = {2016},
    isbn = {1942788002},
    publisher = {IT Revolution Press},
    pages={1--46}
}

@book{devOpsHandbookCD,
    author = {Kim, Gene and Debois, Patrick and Willis, John and Humble, Jez},
    title = {The DevOps Handbook: How to Create World-Class Agility, Reliability, and Security in Technology Organizations},
    year = {2016},
    isbn = {1942788002},
    publisher = {IT Revolution Press},
    pages={211}
}

@book{phoenixProject,
    title = {The Phoenix Project: A Novel about IT, DevOps, and Helping Your Business Win},
    author = {Kim, Gene and Behr, Kevin and Spafford, George},
    isbn = {1942788290},
    year = {2018},
    publisher = {IT Revolution Press}
}

@online{c4model,
  title = {C4Model},
  url = {https://c4model.com/},
  urldate = {2022-05-16}
}

@online{c4modelDrawIo,
  title = {C4Model-draw.io},
  url = {https://github.com/tobiashochguertel/c4-draw.io},
  urldate = {2022-05-23}
}

@online{architecturalViews,
    title = {Architectural Views},
    url = {https://github.com/JesperRusbjerg/minitwit_BE/tree/main/docs/architecturalViews},
    urldate = {2022-05-}
}

@online{moduleViewHighLevel,
  title = {High level Module View},
  url = {https://github.com/JesperRusbjerg/minitwit_BE/blob/main/docs/architecturalViews/minitwit_module_view_high_level.png},
  urldate = {2022-05-26}
}

@online{moduleViewLayers,
  title = {Layers of back-end Module View},
  url = {https://github.com/JesperRusbjerg/minitwit_BE/blob/main/docs/architecturalViews/minitwit_module_view_backend_layers.png},
  urldate = {2022-05-26}
}

@online{moduleViewLayersDetailed,
  title = {Layers of back-end detailed Module View},
  url = {https://github.com/JesperRusbjerg/minitwit_BE/blob/main/docs/architecturalViews/minitwit_module_view_backend_layers_detailed.png},
  urldate = {2022-05-26}
}

@online{componentAndConnectorView,
  title = {Component-and-Connector View},
  url = {https://github.com/JesperRusbjerg/minitwit_BE/blob/main/docs/architecturalViews/minitwit_cc_view.png},
  urldate = {2022-05-26}
}

@online{allocationView,
  title = {Allocation View},
  url = {https://github.com/JesperRusbjerg/minitwit_BE/blob/main/docs/architecturalViews/minitwit_allocation_view.png},
  urldate = {2022-05-26}
}

@online{containerDiagram,
  title = {Container Diagram},
  url = {https://github.com/JesperRusbjerg/minitwit_BE/blob/main/docs/architecturalViews/workflow_of_change.png},
  urldate = {2022-05-26}
}

@online{ndepend,
  title = {Ndepend},
  url = {https://www.ndepend.com/},
  urldate = {2022-05-29}
}

@online{ndependDependencyMatrixGuide,
  title = {Ndepend Dependency Matrix Guide},
  url = {https://www.ndepend.com/docs/dependency-structure-matrix-dsm},
  urldate = {2022-05-29}
}

@online{drawio,
  title = {Drawio},
  url = {https://draw.io/},
  urldate = {2022-05-16}
}

@online{nodeForge,
  title = {Node Forge Package},
  url = {https://www.npmjs.com/package/node-forge},
  urldate = {2022-05-16}
}

@online{sonarlint,
  title = {SonarLint},
  url = {https://www.sonarlint.org/visualstudio/},
  urldate = {2022-05-16}
}

@online{sonarAnalyzerCSharp,
  title = {SonarAnalyzer.CSharp},
  url = {https://www.nuget.org/packages/SonarAnalyzer.CSharp/},
  urldate = {2022-05-31}
}

@online{scanCodeToolkit,
  title = {ScanCode-Toolkit},
  url = {https://github.com/nexB/scancode-toolkit},
  urldate = {2022-05-16}
}

@online{scanCodeWorkbench,
  title = {ScanCode-Workbench},
  url = {https://github.com/nexB/scancode-workbench},
  urldate = {2022-05-16}
}

@online{trunkdev,
  title = {Trunk Based Development: Introduction},
  url = {https://trunkbaseddevelopment.com/},
  urldate = {2022-05-25}
}


@online{nugetLicense,
  title = {Nuget License},
  url = {https://github.com/tomchavakis/nuget-license},
  urldate = {2022-05-16}
}

@online{NPMLicenseChecker,
  title = {NPM License Checker},
  url = {https://www.npmjs.com/package/license-checker},
  urldate = {2022-05-16}
}

@online{scanCodeIO,
  title = {ScanCode.io},
  url = {https://scancodeio.readthedocs.io/\_/downloads/en/latest/pdf/},
  urldate = {2022-05-16}
}

@online{ScanPipe,
  title = {ScanPipe},
  url = {https://scancodeio.readthedocs.io/en/latest/introduction.html},
  urldate = {2022-05-16}
}

@online{snyk,
  title = {Snyk},
  url = {https://snyk.io/learn/docker-security-scanning/},
  urldate = {2022-05-16}
}

@online{travis,
  title = {Travis yml file on Github},
  url = {https://github.com/JesperRusbjerg/minitwit_BE/blob/main/.travis.yml},
  urldate = {2022-05-27}
}

@online{dockerCompose,
  title = {Docker stack file on Github},
  url = {https://github.com/JesperRusbjerg/minitwit_BE/blob/main/Minitwit_BE/docker-swarm-compose.yml},
  urldate = {2022-05-27}
}

@online{dockerComposeDefault,
  title = {Docker compose file on Github},
  url = {https://github.com/JesperRusbjerg/minitwit_BE/blob/main/vagrantAutoDeploy/docker-compose.yml},
  urldate = {2022-05-31}
}

@online{vagrant,
  title = {VagrantAutoDeploy folder on Github},
  url = {https://github.com/JesperRusbjerg/minitwit_BE/tree/main/vagrantAutoDeploy},
  urldate = {2022-05-27}
}

@online{terraform,
  title = {Terraform folder on Github},
  url = {https://github.com/JesperRusbjerg/minitwit_BE/tree/main/Minitwit_BE/group_m_terraform},
  urldate = {2022-05-27}
}

@online{colorfulDeployments,
  title = {Colorful deployments},
  url = {https://opensource.com/article/17/5/colorful-deployments},
  urldate = {2022-05-27}
}

@online{dockerScanner,
  title = {Docker Scan script},
  url = {https://github.com/JesperRusbjerg/minitwit_BE/blob/main/scripts/dockerSanner.bash},
  urldate = {2022-05-16}
}

@online{packageLockVisualizer,
  title = {package-lock visualizer},
  url = {https://observablehq.com/@mbostock/package-lock-json-visualizer},
  urldate = {2022-05-23}
}

@online{frontendDependencyGraph,
  title = {Frontend dependency graph},
  url = {https://github.com/hvsio/minitwit_FE/blob/main/docs/minitwit_fe_package_lock_graph.png},
  urldate = {2022-05-23}
}

@online{backendDependencyGraph,
  title = {Back-end dependency graph},
  url = {https://github.com/JesperRusbjerg/minitwit_BE/blob/main/docs/minitwit_be_dependency_graph.png},
  urldate = {2022-05-29}
}

@online{backendDependencyMatrix,
  title = {Back-end dependency matrix},
  url = {https://github.com/JesperRusbjerg/minitwit_BE/blob/main/docs/minitwit_be_dependency_matrix.png},
  urldate = {2022-05-29}
}

@online{securityAssessment,
  title = {Security Assessment on Github},
  url = {https://github.com/JesperRusbjerg/minitwit_BE/blob/main/docs/DevOps%20-%20risk%20analysis.pdf},
  urldate = {2022-05-23}
}

@online{githubrepo,
    title={Github repository for the backend},
    url={https://github.com/JesperRusbjerg/minitwit_BE}
}

@online{licensesJsonFrontend,
  title = {Licenses json file in frontend repository},
  url = {https://github.com/hvsio/minitwit_FE/blob/main/docs/licenses.json},
  urldate = {2022-05-31}
}

@online{licensesJsonBackend,
  title = {Licenses json file in back-end repository},
  url = {https://github.com/JesperRusbjerg/minitwit_BE/blob/main/docs/licenses.json},
  urldate = {2022-05-31}
}